@article{1613041,
 author = {Liang, Huiguang and Silva, Ransi Nilaksha and Ooi, Wei Tsang and Motani, Mehul},
 title = {Avatar mobility in user-created networked virtual worlds: measurements, analysis, and implications},
 journal = {Multimedia Tools Appl.},
 volume = {45},
 number = {1-3},
 year = {2009},
 issn = {1380-7501},
 pages = {163--190},
 doi = {http://dx.doi.org/10.1007/s11042-009-0304-x},
 publisher = {Kluwer Academic Publishers},
 address = {Hingham, MA, USA},
 }


%% inria-00358953, version 1
%% http://hal.inria.fr/inria-00358953/en/
@inproceedings{BEAUMONT:2007:INRIA-00358953:1,
	title = { {V}oronet: {A} scalable object network based on voronoi tessellations.},
	author = {{B}eaumont, {O}livier and {K}ermarrec, {A}nne-{M}arie and {M}archal, {L}oris and {R}ivi{\`e}re, {E}tienne},
	language = {{A}nglais},
	affiliation = {{L}aboratoire {B}ordelais de {R}echerche en {I}nformatique - {L}a{BRI} - {CNRS} : {UMR}5800 - {U}niversit{\'e} {S}ciences et {T}echnologies - {B}ordeaux {I} - {E}cole {N}ationale {S}up{\'e}rieure d'{E}lectronique, {I}nformatique et {R}adiocommunications de {B}ordeaux - {U}niversit{\'e} {V}ictor {S}egalen - {B}ordeaux {II} - {CEPAGE} - {INRIA} {F}uturs - {INRIA} - {CNRS} : {UMR}5800 - {E}cole {N}ationale {S}up{\'e}rieure d'{E}lectronique, {I}nformatique et {R}adiocommunications de {B}ordeaux - {ASAP} - {INRIA} - {IRISA} - {CNRS} : {UMR}6074 - {INRIA} - {I}nstitut {N}ational des {S}ciences {A}ppliqu{\'e}es de {R}ennes - {U}niversit{\'e} de {R}ennes 1 - {GRAAL} - {INRIA} {R}h{\^o}ne-{A}lpes / {LIP} {L}aboratoire de l'{I}nformatique du {P}arall{\'e}lisme - {CNRS} : {UMR}5668 - {INRIA} - {\'E}cole normale sup{\'e}rieure de {L}yon - {ENS} {L}yon - {U}niversit{\'e} {C}laude {B}ernard - {L}yon {I} - {L}aboratoire d'informatique du {P}arall{\'e}lisme - {L}aboratoire de l'{I}nformatique du {P}arall{\'e}lisme - {LIP} - {INRIA} - {CNRS} : {UMR}5668 - {U}niversit{\'e} {C}laude {B}ernard - {L}yon {I} - {\'E}cole normale sup{\'e}rieure de {L}yon - {ENS} {L}yon },
	booktitle = {{I}nternational {P}arallel and {D}istributed {P}rocessing {S}ymposium -- {IPDPS} 2007 },
	publisher = {{IEEE} },
	address = {{L}ong {B}each {\'E}tats-{U}nis d'{A}m{\'e}rique },
	audience = {internationale },
    year = {2007},
    URL = {http://hal.inria.fr/inria-00358953/en/},
}

%% inria-00440476, version 1
%% http://hal.inria.fr/inria-00440476/en/
@techreport{LEGTCHENKO:2009:INRIA-00440476:1,
	title = { {B}lue {B}anana: resilience to avatar mobility in distributed {MMOG}s},
	author = {{L}egtchenko, {S}ergey and {M}onnet, {S}{\'e}bastien and {T}homas, {G}a{\"e}l},
	abstract = {{M}assively {M}ultiplayer {O}nline {G}ames ({MMOG}s) recently emerged as a popular class of applications with millions of users. {T}o offer acceptable gaming experience, such applications need to render the virtual world surrounding the player with very low latency. {H}owever, current state-of-the-art {MMOG}s based on peer-to-peer overlays fail to satisfy these requirements. {T}his happens because avatar mobility implies many data exchanges through the overlay. {A}s state-of-the-art overlays do not anticipate this mobility, the needed data is not delivered on time, which leads to transient failures at the application level. {T}o solve this problem, we propose {B}lue {B}anana, a mechanism that models and predicts avatar movement, allowing the overlay to adapt itself by anticipation to the {MMOG} needs. {O}ur evaluation is based on large-scale traces derived from {S}econd life. {I}t shows that our anticipation mechanism decreases by 20% the number of transient failures with only a network overhead of 2%.},
	keywords = {{R}esilience; {M}obility; {A}daptability; {M}assively {M}ultiplayer {O}nline {G}ames ({MMOG}); {O}verlay},
	language = {{A}nglais},
	affiliation = {{L}aboratoire d'{I}nformatique de {P}aris 6 - {LIP}6 - {CNRS} : {UMR}7606 - {U}niversit{\'e} {P}ierre et {M}arie {C}urie - {P}aris {VI} - {REGAL} - {INRIA} {R}ocquencourt - {INRIA} - {CNRS} : {UMR}7606 - {U}niversit{\'e} {P}ierre et {M}arie {C}urie - {P}aris {VI} },
	pages = {22 },
	type = {Research Report},
	institution = {INRIA},
	number = {{RR}-7149},
    year = {2009},
    URL = {http://hal.inria.fr/inria-00440476/en/},
    URL = {http://hal.inria.fr/inria-00440476/PDF/RR-7149.pdf},
}

@article{1446283,
 author = {Kumar, Sanjeev and Chhugani, Jatin and Kim, Changkyu and Kim, Daehyun and Nguyen, Anthony and Dubey, Pradeep and Bienia, Christian and Kim, Youngmin},
 title = {Second Life and the New Generation of Virtual Worlds},
 journal = {Computer},
 volume = {41},
 number = {9},
 year = {2008},
 issn = {0018-9162},
 pages = {46--53},
 doi = {http://dx.doi.org/10.1109/MC.2008.398},
 publisher = {IEEE Computer Society Press},
 address = {Los Alamitos, CA, USA},
 }
@inproceedings{EURECOM+2678,
  doi =         { 10.1109/INFCOM.2009.5062029},
  year =        {2009},
  title =       {\{P}2\{P} \{S}econd \{L}ife : experimental validation using \{K}ad},
  author =      {\{V}arvello, \{M}atteo and \{D}iot, \{C}hristophe and \{B}iersack, \{E}rnst \{W}},
  booktitle =   {\{I}nfocom 2009, 28th \{IEEE} \{C}onference on \{C}omputer \{C}ommunications, \{A}pril 19-25, 2009, \{R}io de \{J}aneiro, \{B}razil},
  month =       {04}
}
@inproceedings{999375,
 title = {Exploiting Semantic Proximity in Peer-to-Peer Content Searching},
 booktitle = {FTDCS '04: Proceedings of the 10th IEEE International Workshop on Future Trends of Distributed Computing Systems},
 year = {2004},
 isbn = {0-7695-2118-5},
 pages = {238--243},
 publisher = {IEEE Computer Society},
 address = {Washington, DC, USA},
 }
@inproceedings{1267692,
 author = {Bharambe, Ashwin and Pang, Jeffrey and Seshan, Srinivasan},
 title = {Colyseus: a distributed architecture for online multiplayer games},
 booktitle = {NSDI'06: Proceedings of the 3rd conference on Networked Systems Design \& Implementation},
 year = {2006},
 pages = {12--12},
 location = {San Jose, CA},
 publisher = {USENIX Association},
 address = {Berkeley, CA, USA},
 }


